@book{yang,
    author    = "Li, Z., Yang, C., & Fan, L.",
    title     = "Advanced control of wheeled inverted pendulum systems.",
    year      = "2012",
    publisher = "Springer Science & Business Media",
    }
@book{edwards,
    author    = "C. Edwards and S. K. Spurgeon",
    title     = "Sliding mode control: theory and applications",
    year      = "1998",
    publisher = "Taylor & Francis",
    city      = "London"
    }
@book{brunton,
    author    = "S. L. Brunton and J. N. Kutz",
    title     = "Data-driven science and engineering: machine learning, dynamical systems, and control.",
    year      = "2019",
    publisher = "MIT Press",
    city      = "Cambridge"
    }
@misc{greig,
    author    = "Greig, A., Richter, A., Munns, J., Pallant, J. and Egger, D",
    title     = "no\_std - The Embedded Rust Book",
    year      = "2020",
    }
@book{baier,
    author    = "Baier, C., & Katoen, J",
    title     = "Principles of Model Checking",
    year      = "2008",
    publisher = "MIT Press",
    city      = "Cambridge"
    }